<record><leader>00000cas a22000007a 4500</leader><controlfield tag="001">9481700</controlfield><controlfield tag="008">830505d18341846mauwr ne      0    0eng d</controlfield><datafield ind1=" " ind2=" " tag="010"><subfield code="a">sn 83020676 </subfield></datafield><datafield ind1=" " ind2=" " tag="040"><subfield code="a">NPX</subfield><subfield code="b">eng</subfield><subfield code="c">NPX</subfield><subfield code="d">MGN</subfield><subfield code="d">KRTAS</subfield><subfield code="d">OCLCQ</subfield></datafield><datafield ind1=" " ind2=" " tag="042"><subfield code="a">msc</subfield></datafield><datafield ind1="0" ind2=" " tag="130"><subfield code="a">Berkshire courier (Great Barrington, Mass. : 1834)</subfield></datafield><datafield ind1="1" ind2="4" tag="245"><subfield code="a">The Berkshire courier.</subfield></datafield><datafield ind1=" " ind2=" " tag="260"><subfield code="a">Great Barrington, Mass. :</subfield><subfield code="b">J.D. Cushing</subfield></datafield><datafield ind1=" " ind2=" " tag="300"><subfield code="a">v.</subfield></datafield><datafield ind1=" " ind2=" " tag="310"><subfield code="a">Weekly</subfield></datafield><datafield ind1="1" ind2=" " tag="362"><subfield code="a">Began Oct. 16, 1834; ceased in 1846?</subfield></datafield><datafield ind1=" " ind2=" " tag="588"><subfield code="a">Description based on: Vol. 2, no. 32 (June 2, 1836).</subfield></datafield><datafield ind1=" " ind2=" " tag="752"><subfield code="a">United States</subfield><subfield code="b">Massachusetts</subfield><subfield code="c">Berkshire</subfield><subfield code="d">Great Barrington.</subfield></datafield><datafield ind1="0" ind2="0" tag="785"><subfield code="t">Berkshire courier and Great Barrington gazette</subfield><subfield code="w">(DLC)sn 83020677</subfield></datafield><datafield ind1=" " ind2=" " tag="938"><subfield code="a">Kirtas Technologies, Inc.</subfield><subfield code="b">KRTS</subfield><subfield code="n">736621</subfield></datafield></record>